<record><leader>00000cas a2200000 a 4500</leader><controlfield tag="001">11768218</controlfield><controlfield tag="008">850306d18961896ksuwr ne      0   a0eng d</controlfield><datafield ind1=" " ind2=" " tag="010"><subfield code="a">sn 85029158 </subfield></datafield><datafield ind1=" " ind2=" " tag="040"><subfield code="a">KSH</subfield><subfield code="b">eng</subfield><subfield code="c">KSH</subfield><subfield code="d">NPT</subfield><subfield code="d">OCL</subfield><subfield code="d">OCLCQ</subfield></datafield><datafield ind1=" " ind2=" " tag="042"><subfield code="a">msc</subfield></datafield><datafield ind1="0" ind2="4" tag="245"><subfield code="a">The Formoso enterprise.</subfield></datafield><datafield ind1=" " ind2=" " tag="260"><subfield code="a">Formoso, Kan. :</subfield><subfield code="b">A.E. Coleman,</subfield><subfield code="c">1896.</subfield></datafield><datafield ind1=" " ind2=" " tag="300"><subfield code="a">1 v. :</subfield><subfield code="b">ill. ;</subfield><subfield code="c">39-53 cm.</subfield></datafield><datafield ind1=" " ind2=" " tag="310"><subfield code="a">Weekly</subfield></datafield><datafield ind1="0" ind2=" " tag="362"><subfield code="a">Vol. 1, no. 1 (Jan. 3, 1896)-v. 1, no. 35 (Aug. 28, 1896).</subfield></datafield><datafield ind1=" " ind2=" " tag="525"><subfield code="a">Issue for Aug. 28, 1896 includes supplement.</subfield></datafield><datafield ind1=" " ind2=" " tag="752"><subfield code="a">United States</subfield><subfield code="b">Kansas</subfield><subfield code="c">Jewell</subfield><subfield code="d">Formoso.</subfield></datafield></record>